@book{surface_tension,
	author = {А. Б. КРЫЛОВ},
	title = {Поверхностное натяжение
	и связанные с ним явления,
	Учебно-методическое пособие},
	year = {2008},
	pages = {4},
}

@misc{laplace,
	title = {"7.3. Явления на границе раздела газа, жидкости и твердого тела | Физическая термодинамика | МГТУ им. Н.Э. Баумана. Кафедра физики [Электронный ресурс]"},
	date = {"21.10.2024"},
	language = {russian},
	howpublished = {"Режим доступа: \url{http://fn.bmstu.ru/data-physics/library/physbook/tom2/ch7/texthtml/ch7_3_text.htm} (дата обращения: 21.10.2024)"},
}

@book{geguzin,
	author = {Я. Е. ГЕГУЗИН},
	title = {Библиотечка квант 46. Пузыри},
	year = {1985}
}

@book{boys,
	author = {Г. Бойс},
	title = {Мыльные пузыри},
	year = {1937},
	publisher = {Центральный комитет Всесоюзного Ленинского Коммунистического Союза Молодежи, Издательство детской литературы},
	address = {Ленинград}
}

@book{rogers,
	author = {Д. Роджерс},
	title = {Алгоритмические основы машинной графики},
	year = {1989},
	pages = {339 - 360}
	publisher = {Мир},
	location = {Москва}
}

@misc{vector3d,
	title = {"Vector3D Структура (System.Windows.Media.Media3D) | Microsoft Learn [Электронный ресурс]"},
	date = {"15.12.2024"},
	language = {russian},
	howpublished = {"Режим доступа: \url{https://learn.microsoft.com/ru-ru/dotnet/api/system.windows.media.media3d.vector3d?view=windowsdesktop-7.0} (дата обращения: 15.12.2024)"},

